@techreport{agha1985actors,
  title={Actors: A model of concurrent computation in distributed systems.},
  author={Agha, Gul A},
  year={1985},
  institution={DTIC Document}
}
